% This file was created with JabRef 2.7b.
% Encoding: UTF-8

@CONFERENCE{Janeway:2392,
  author = {Janeway, Kathryn M.},
  title = {Utilization of fluidic space technologies in defeating the {B}org and
	the {D}ominion},
  booktitle = {Strategic Analyses of the Dominion War},
  year = {2392},
  editor = {Netchayev, A. A.},
  pages = {12--33},
  address = {San Francisco, CA},
  publisher = {Star Fleet Academy Press},
  date-added = {2012-02-08 21:27:13 +0000},
  date-modified = {2012-02-08 21:29:51 +0000}
}

