%% This BibTeX bibliography file was created using BibDesk.
%% http://bibdesk.sourceforge.net/


%% Created for Dennis Evangelista at 2012-02-08 13:30:18 -0800 


%% Saved with string encoding Unicode (UTF-8) 



@conference{Son-of-Mohg:2388,
	Address = {San Francisco, CA},
	Author = {Son of Mohg, Worf},
	Booktitle = {Strategic Analyses of the Dominion War},
	Date-Added = {2012-02-08 21:27:13 +0000},
	Date-Modified = {2012-02-08 21:29:51 +0000},
	Editor = {Netchayev, A. A.},
	Pages = {12--33},
	Publisher = {Star Fleet Academy Press},
	Title = {Miscalculation at {AR558}: Weaknesses in the {J}em {H}adaar logistical train },
	Year = {2388}}
