% This file was created with JabRef 2.7b.
% Encoding: UTF-8

@ARTICLE{Asimov:2012,
  author = {Asimov, Nanette},
  title = {{CSU} to trade ad campaign for cheaper textbooks},
  journal = {San Francisco Chronicle},
  year = {2012},
  month = {February 22,},
  owner = {devangel},
  timestamp = {2012.02.22},
  url = {http://www.sfgate.com/cgi-bin/article.cgi?f=/c/a/2012/02/22/MN4H1N8C6J.DTL}
}

@INCOLLECTION{ch:fluids,
  author = {Evangelista, D.},
  title = {Fluids},
  booktitle = {Comparative Biomechanics},
  publisher = {Star Fleet Academy Press},
  year = {2012},
  editor = {Evangelista, D. and Moore, T. Y. },
  pages = {21--30},
  address = {San Francisco},
  date-added = {2012-02-19 16:43:26 +0000},
  date-modified = {2012-02-19 16:44:11 +0000}
}

@ARTICLE{Evangelista:2010,
  author = {Evangelista, Dennis and Hotton, Scott and Dumais, Jacques},
  title = {Erodium is cool},
  journal = {J. exp. Biol.},
  year = {2010},
  volume = {1},
  pages = {1},
  bdsk-url-1 = {www.google.com},
  date-added = {2012-02-19 07:07:47 +0000},
  date-modified = {2012-02-19 07:27:46 +0000},
  doi = {10.12345},
  url = {http://www.google.com}
}

@CONFERENCE{Janeway:2392,
  author = {Janeway, Kathryn M.},
  title = {Utilization of fluidic space technologies in defeating the {B}org
	and the {D}ominion},
  booktitle = {Strategic Analyses of the Dominion War},
  year = {2392},
  editor = {Netchayev, A. A.},
  pages = {12--33},
  address = {San Francisco, CA},
  publisher = {Star Fleet Academy Press},
  date-added = {2012-02-08 21:27:13 +0000},
  date-modified = {2012-02-19 07:18:51 +0000}
}

@INCOLLECTION{ch:solids,
  author = {Moore, Talia Y.},
  title = {Solids},
  booktitle = {Comparative Biomechanics},
  publisher = {Star Fleet Academy Press},
  year = {2012},
  editor = {Evangelista, D. and Moore, T. Y. },
  pages = {1--20},
  address = {San Francisco},
  date-added = {2012-02-19 16:40:56 +0000},
  date-modified = {2012-02-19 16:44:17 +0000}
}

@CONFERENCE{Son-of-Mohg:2388,
  author = {Son of Mohg, Worf},
  title = {Miscalculation at {AR558}: Weaknesses in the {J}em {H}adaar logistical
	train},
  booktitle = {Strategic Analyses of the Dominion War},
  year = {2388},
  editor = {Netchayev, A. A.},
  pages = {12--33},
  address = {San Francisco, CA},
  publisher = {Star Fleet Academy Press},
  date-added = {2012-02-19 04:03:38 +0000},
  date-modified = {2012-02-19 04:03:38 +0000}
}

@BOOK{this-book,
  title = {Comparative Biomechanics},
  publisher = {Star Fleet Academy Press},
  year = {2012},
  editor = {Evangelista, Dennis and Moore, Talia Y.},
  address = {San Francisco},
  date-added = {2012-02-19 16:40:03 +0000},
  date-modified = {2012-02-19 16:40:48 +0000}
}

